%
% These are references for datasets used in KONECT.   
%
% This file is in UTF-8. 
% 
% In principle, all references start with 'konect:', but some don't for
% historical reasons.  
%

%
% The main references to KONECT itself 
%

	% The KONECT paper from the 2013 WWW workshop on Web
	% Observatories -- Use this when simply mentioning KONECT.  
@inproceedings{konect,
	title = {{KONECT} -- {The} {Koblenz} {Network} {Collection}},
	author = {Jérôme Kunegis},
	year = {2013},
	booktitle = {Proc. Int. Conf. on World Wide Web Companion},
	pages = {1343--1350},
	url = {http://dl.acm.org/citation.cfm?id=2488173},
	url_presentation = {https://www.slideshare.net/kunegis/presentationwow},
	url_web = {http://konect.cc/},
	url_citations = {https://scholar.google.com/scholar?cites=7174338004474749050},
}

	% The KONECT Handbook -- Use this when referring to a specific
	% definition for a statistic, plot, matrix decomposition or
	% similar.   
@article{konect:handbook,
	title = {Handbook of Network Analysis [{KONECT} project]},  
	author = {Jérôme Kunegis},
	year = {2018},
	journal = {CoRR},
	volume = {abs/1402.5500},
	number = {v4},
	url = {https://github.com/kunegis/konect-handbook/blob/master/konect-handbook.pdf},
	url_arxiv = {http://arxiv.org/abs/1402.5500},
}

	% This is for the website specifically; it is only rarely needed  
@misc{konect:website,
	title = {KONECT -- Koblenz Network Collection},
	author = {Jérôme Kunegis},
	month = {October},
	year = {2017},
	howpublished = {\url{http://konect.cc/}}
}

%
% The references for networks in KONECT 
%

@inproceedings{konect:takac2012,
	title = {Data Analysis in Public Social Networks},
	author = {Takac, Lubos and Zabovsky, Michal},
	booktitle = {Proc. Int. Scientific Conf. and Int. Workshop Present Day Trends of Innovations},
	year={2012},
}

@inproceedings{konect:lim2010,
	author = {Lim, Ee-Peng and Nguyen, Viet-An and Jindal, Nitin and Liu, Bing and Lauw, Hady Wirawan},
	title = {Detecting Product Review Spammers Using Rating Behaviors},
	booktitle = {Proc. Int. Conf. on Information and Knowl. Management},
	year = {2010},
	pages = {939--948},
} 

@incollection{konect:richardson2003,
	title = {Trust Management for the Semantic Web},
	author = {Richardson, Matthew and Agrawal, Rakesh and Domingos, Pedro},
	booktitle = {Proc. Int. Semant. Web Conf.},
	pages = {351--368},
	year = {2003},
}

@inproceedings{konect:jindal2008,
	author = {Jindal, Nitin and Liu, Bing},
	title = {Opinion Spam and Analysis},
	booktitle = {Proc. Int. Conf. on Web Search and Web Data Min.},
	year = {2008},
	pages = {219--230},
} 

@inproceedings{konect:mukherjee2012,
	author = {Mukherjee, Arjun and Liu, Bing and Glance, Natalie},
	title = {Spotting Fake Reviewer Groups in Consumer Reviews},
	booktitle = {Proc. Int. Conf. on World Wide Web},
	year = {2012},
	pages = {191--200},
} 

@inproceedings{konect:brandes09,
	title = {Network Analysis of Collaboration Structure in {Wikipedia}},
	author = {Ulrik Brandes and Patrick Kenis and Jürgen Lerner and Denise van Raaij},
	booktitle = {Proc. Int. World Wide Web Conf.},
	year = {2009},
	pages = {731--740},
}

@inproceedings{konect:kunegis2012,
	title = {Online Dating Recommender Systems: The Split-complex Number Approach},
	author = {Kunegis, J{\'e}r\^{o}me and Gr\"{o}ner, Gerd and Gottron, Thomas},
	booktitle = {Proc. RecSys Workshop on Recomm. Syst. and the Soc. Web},
	year = {2012},
	pages = {37--44},
} 

@inproceedings{konect:zhishi,
	title = {{Zhishi.me} -- Weaving {Chinese} Linking Open Data},
	author = {Xing Niu and Xinruo Sun and Haofen Wang and Shu
                  Rong and Guilin Qi and Yong Yu},
	booktitle = {Proc. Int. Semant. Web Conf.},
	year = {2011},
	pages = {205--220},
}

@article{konect:sociopatterns,
	title = {What's in a Crowd? Analysis of Face-to-Face Behavioral Networks},
	author = {Lorenzo Isella and Juliette Stehlé and Alain Barrat and Ciro
                  Cattuto and Jean-François Pinton and Wouter Van den
                  Broeck}, 
	journal = {J. of Theoretical Biology},
	volume = {271},
	number = {1},
	pages = {166--180},
	year = {2011},
}

@article{konect:duncan98,
	title = {Collective Dynamics of `Small-world' Networks},
	author = {Duncan J. Watts and Steven H. Strogatz},
	journal = {Nature},
	volume = {393},
	number = {1},
	pages = {440--442},
	year = {1998},
}

@article{konect:Rocha2010,
	title = {Information Dynamics Shape the Sexual Networks of {Internet}-mediated Prostitution},
	author = {Rocha, Luis E. C. and Liljeros, Fredrik and Holme, Petter},
	journal = {Proc. Natl. Acad. Sci. U.S.A.},
	number = {13},
	pages = {5706--5711},
	volume = {107},
	year = {2010},
}

@article{konect:bibsonomy,
	title = {The Social Bookmark and Publication Management System
                  {BibSonomy}},
	author = {Dominik Benz and Andreas Hotho and Robert Jäschke and
                  Beate Krause and Folke Mitzlaff and Christoph Schmitz
                  and Gerd Stumme},
	journal = {The VLDB J.},
	year = {2010},
	month = {dec},
	volume = {19},
	number = {6},
	pages = {849--875},
}

@article{konect:snap,
	title = {Community Structure in Large Networks: Natural Cluster Sizes
               and the Absence of Large Well-Defined Clusters},
	author = {Jure Leskovec and
               Kevin Lang and
               Anirban Dasgupta and
               Michael W. Mahoney},
	journal = {Internet Math.},
	volume = {6},
	number = {1},
	year = {2009},
	pages = {29--123},
}

@article{konect:opsahl09,
	title = {Clustering in Weighted Networks},
	author = {Opsahl, Tore and Panzarasa, Pietro},
	journal = {Soc. Netw.},
	volume = {31},
	number = {2},
	pages = {155--163},
	year = {2009},
}

@article{konect:opsahl10,
	title = {Triadic Closure in Two-mode Networks: Redefining the Global and Local Clustering Coefficients},
	author = {Opsahl, Tore and Panzarasa, Pietro},
	journal = {Soc. Netw.},
	volume = {34},
	year = {2011},
}

@article{konect:newman01,
	title = {The Structure of Scientific Collaboration Networks}, 
	author = {Newman, Mark E. J.}, 
	journal = {Proc. Natl. Acad. Sci. U.S.A.} ,
	volume = {98}, 
	number = {2}, 
	pages = {404--409}, 
	year = {2001}, 
}

@book{konect:southernwomen,
	title = {Deep South; a Social Anthropological Study of Caste and Class},
	author = {Davis, Allison and Gardner, Burleigh B. and Gardner, Mary R.},
	publisher = {The Univ. of Chicago Press},
	year = {1941},
}

@inproceedings{konect:wikisigned,
	title = {Building a Signed Network from Interactions in {Wikipedia}},
	author = {Silviu Maniu and Bogdan Cautis and Talel Abdessalem},
	booktitle = {Proc. Workshop on Databases and Soc. Netw.},
	year = {2011},
	pages = {19--24},
}

@inproceedings{konect:facebook-sg, 
	author= {Minas Gjoka and Maciej Kurant and Carter T. Butts and Athina Markopoulou}, 
	title= {Walking in {Facebook}: A Case Study of Unbiased Sampling of {OSNs}}, 
	booktitle = {Proc. Conf. on Comput. Communications},
	year = {2010},
	pages = {2498--2506},
}

@inproceedings{konect:maniu2011,
	title = {Casting a Web of Trust over {Wikipedia}: An Interaction-based Approach},
	author = {Maniu, Silviu and Abdessalem, Talel and Cautis, Bogdan},
	booktitle = {Proc. Int. Conf. on World Wide Web Posters},
	year = {2011},
	pages = {87--88},
} 

@inproceedings{konect:icwsm10,
	title = {Measuring User Influence in {Twitter}: The Million Follower
                  Fallacy}, 
	author = {Meeyoung Cha and Hamed Haddadi and Fabricio Benevenuto and
                  Krishna P. Gummadi},  
	booktitle = {Proc. Int. Conf. on Weblogs and Soc. Media},
	year = {2010},
	pages = {10--17},
}

@inproceedings{konect:cho2011,
	title = {Friendship and Mobility: User Movement in Location-based Social Networks},
	author = {Cho, Eunjoon and Myers, Seth A. and Leskovec, Jure},
	booktitle = {Proc. Int. Conf. on Knowl. Discov. and Data Min.},
	year = {2011},
	pages = {1082--1090},
} 

@article{konect:ucidata-zachary,
	author = {Wayne Zachary},
	year = {1977},
	title = {An Information Flow Model for Conflict and Fission in Small Groups},
	journal = {J. of Anthropol. Res.},
	volume = {33},
	pages = {452--473},
}

@book{lastfm,
      	title = {Music Recommendation and Discovery in the Long Tail},
      	author = {Celma, {\`O}scar},
       	publisher = {Springer},
       	year = {2010},
}

@inproceedings{konect:slashdot-threads,
	title = {Statistical Analysis of the Social Network and Discussion Threads in {Slashdot}},
	author = {Vicenç Gómez and Andreas Kaltenbrunner and Vicente López},
	booktitle = {Proc. Int. World Wide Web Conf.},
	year = {2008},
	pages = {645--654},
}

@article{konect:eat,
	author = {George R. Kiss and Christine Armstrong and Robert Milroy},
	year = {1973},
	title = {An Associative Thesaurus of {English} and Its Computer Analysis},
	journal = {The Comput. and Literary Studies},
	publisher = {Edinburgh: Univ. Press}, 
}

@article{konect:adjnoun,
	title = {Finding Community Structure in Networks using the Eigenvectors of Matrices},
	author = {Newman, Mark E. J.}, 
	journal={Phys. Rev. E},
	volume={74},
	number={3},
	year={2006},
}

@misc{snap.stanford.edu,
      title = {{Stanford} {Network} {Analysis} {Project}},
      author = {Jure Leskovec},
      month = {September},
      year = {2014},
      howpublished = {\url{http://snap.stanford.edu/}},
}

@article{konect:albert1999,
	author = {Albert, Réka and Jeong, Hawoong and Barabási, Albert-Laszlo},
	title = {Internet: Diameter of the World Wide Web},
	journal = {Nature},
	year = {1999},
	month = {Sep},
	volume = {401},
	number = {6749},
	pages = {130--131},
}

@misc{download.wikimedia.org,
	author = {{Wikimedia Foundation}},
	title = {Wikimedia Downloads},
	month = {January},
	year = {2010},
	howpublished = {\url{http://dumps.wikimedia.org/}},
}

@misc{www.grouplens.org/node/73,
	author = {{GroupLens Research}},
	title = {{MovieLens} Data Sets},
	month = {October},
	year = {2006},
	howpublished = {\url{http://www.grouplens.org/node/73}},
}

@misc{github,
	author = {Scott Chacon},
	title = {The 2009 {GitHub} Contest},
	month = {July},
	year = {2009},
	howpublished = {\url{https://github.com/blog/466-the-2009-github-contest}},
}

@misc{prosper,
	title = {Prosper Data Export},
	author = {{Prosper Marketplace, Inc.}},
	month = {October},
	year = {2010},
	note = {v1.2.6},
	howpublished = {\url{http://www.prosper.com/tools/DataExport.aspx}}, 
}

@article{konect:prosper-loans,
	title = {A Temporal Network Analysis Reveals the Unprofitability
                  of Arbitrage in the {Prosper} Marketplace},
	author = {Ursula Redmond and Cunningham, Pádraig Draig},
	journal = {Expert Syst. with Appl.:  An Int. J.},
	volume = {40},
	number = {9},
	year = {2013},
}

@misc{trec45,
	title = {{Text REtrieval Conference} ({TREC}) {English}
                  Documents},  
	author = {{National Institute of Standards and Technology}}, 
	year = {2010},
	month = {August},
	note = {Volume 4 {\&} 5},
	howpublished = {\url{http://trec.nist.gov/data/docs_eng.html}},
}

@inproceedings{yahoo-song,
	title = {The {Yahoo!} {Music} Dataset and {KDD-Cup'11}},
	author = {Gideon Dror and Noam Koenigstein and Yehuda Koren and Markus Weimer},
	booktitle = {JMLR Workshop and Conf. Proc.},
	volume = {18},
	pages = {3--18},
	year = {2012}, 
}

@inproceedings{said:social-similarity,
	title = {How Social Relationships Affect User Similarities},
	author = {Alan Said and De Luca, Ernesto W. and {\,{S}}ahin Albayrak},
	booktitle = {Proc. IUI Workshop on Soc. Recomm. Syst.},
	year = {2010},
}

@unpublished{neubauer:visualize.us,
	title = {Analysis of the {Visualize.us} Folksonomy},
	author = {Nicolas Neubauer and Klaus Obermayer}, 
	year = {2010},
	note = {Unpublished}, 
	_aka = {neubauer2010a}, 
}

@article{konect:opsahl2010b,
	title = {Node Centrality in Weighted Networks: Generalizing Degree and Shortest Paths},
	author = {Tore Opsahl and Filip Agneessens and John Skvoretz},
	journal = {Soc. Netw.},
	year = {2010},
	number = {32},
	volume = {3},
	pages = {245--251},
}

@online{konect:opsahl11,
	title = {Why Anchorage Is Not (that) Important: Binary ties and Sample Selection},
	author = {Tore Opsahl},
	year = {2011},
	url = {http://wp.me/poFcY-Vw}
}

@incollection{konect:McAuley2012,
	title = {Learning to Discover Social Circles in Ego Networks},
	author = {Julian McAuley and Jure Leskovec},
	booktitle = {Adv. in Neural Inf. Process. Syst.},
	pages = {548--556},
	year = {2012},
}

@misc{konect:stackexchange,
	title = {Stack Exchange Data Explorer},
	author = {{Stack Exchange Inc.}},
	year = {2011},
	howpublished = {\url{http://data.stackexchange.com/}},
}

@inproceedings{konect:unlink,
	title = {Structural Dynamics of Knowledge Networks},
	author = {Preusse, Julia and Kunegis, Jérôme and Thimm, Matthias and Gottron, Thomas and Staab, Steffen},
	booktitle = {Proc. Int. Conf. on Weblogs and Soc. Media},
	year = {2013},
}

@article{konect:jester,
	title = {{Eigentaste}: A Constant Time Collaborative Filtering Algorithm},
	author = {Goldberg, Ken and Roeder, Theresa and Gupta, Dhruv and Perkins, Chris},
	journal = {Inf. Retrieval},
	volume = {4},
	number = {2},
	pages = {133--151},
	year = {2001},
	publisher = {Springer},
}

@inproceedings{konect:bookcrossing,
	title = {Improving Recommendation Lists through Topic Diversification},
	author = {Ziegler, Cai-Nicolas and McNee, Sean M. and Konstan, Joseph A. and Lausen, Georg},
	booktitle = {Proc. Int. World Wide Web Conf.},
	pages = {22--32},
	year = {2005},
}

@inproceedings{konect:dependency1,
	title = {Software Systems through Complex Networks Science: Review, Analysis and Applications},
	author = {\v{S}ubelj, Lovro and Bajec, Marko},
	booktitle = {Proc. Int. Workshop on Software Min.},
	year = {2012},
	pages = {9--16},
}

@article{konect:dependency2,
	title = {Community Structure of Complex Software Systems: Analysis and Applications},
	volume = {390},
	number = {16},
	journal = {Physica A},
	author = {\v{S}ubelj, Lovro and Bajec, Marko},
	year = {2011},
	pages = {2968--2975}
}

@article{konect:dependency3,
	title = {Clustering Assortativity, Communities and Functional Modules in Real-World Networks},
	author = {\v{S}ubelj, Lovro and Bajec, Marko},
	year = {2012},
	note = {{arXiv:1202.3188}},
	pages = {21}
}

@inproceedings{konect:dependency4,
	title = {Model of Complex Networks based on Citation Dynamics},
	booktitle = {Proc. of the {WWW} Workshop on Large Scale Network Analysis},
	author = {{\v S}ubelj, Lovro and Bajec, Marko},
	year = {2013},
	pages = {527--530},
}

@article{konect:eroads,
	title = {Robust Network Community Detection Using Balanced Propagation},
	volume = {81},
	number = {3},
	journal = {Eur. Phys. J. B},
	author = {\v{S}ubelj, Lovro and Bajec, Marko},
	year = {2011},
	pages = {353--362}
}

@misc{konect:faa,
	title = {Air Traffic Control System Command Center},
	author = {{Federal Aviation Administration}},
	howpublished = {\url{http://www.fly.faa.gov/}},
}

@article{konect:little-rock-lake,
	title = {Artifacts or Attributes?  Effects of Resolution on the {Little} {Rock} {Lake} Food Web},
	author = {Martinez, Neo D. and Magnuson, John J. and Kratz,
                  Timothy. and Sierszen, M.},
	journal = {Ecol. Monographs},
	volume = {61},
	year = {1991},
	pages = {367--392},
}

@inproceedings{konect:adamic2005,
	title = {The Political Blogosphere and the 2004 {US} Election: Divided They Blog},
	author = {Adamic, Lada A. and Glance, Natalie},
	booktitle = {Proc. Int. Workshop on Link Discov.},
	pages = {36--43},
	year = {2005},
}

@article{konect:jeong2001,
	title = {Lethality and Centrality in Protein Networks},
	author = {Jeong, Hawoong and Mason, Sean P and Barab{\'a}si, A-L and Oltvai, Zoltan N},
	journal = {Nature},
	volume = {411},
	number = {6833},
	pages = {41--42},
	year = {2001},
}

@article{konect:coulomb2005,
	title = {Gene Essentiality and the Topology of Protein Interaction Networks},
	author = {Coulomb, Stéphane and Bauer, Michel and Bernard, Denis
                  and Marsolier-Kergoat, Marie-Claude}, 
	journal = {Proc. of the Royal Soc. B: Biol. Sci.},
	volume = {272},
	number = {1573},
	pages = {1721--1725},
	year = {2005},
}

@article{konect:han2005,
	title = {Effect of Sampling on Topology Predictions of Protein-Protein Interaction Networks},
	author = {Han, Jing-Dong J. and Dupuy, Denis and Bertin, Nicolas
                  and Cusick, Michael E. and Vidal, Marc}, 
	journal = {Nature Biotechnol.},
	volume = {23},
	number = {7},
	pages = {839--844},
	year = {2005},
}

@article{konect:stumpf2005,
	title = {Subnets of Scale-free Networks are not Scale-free: Sampling Properties of Networks},
	author = {Stumpf, Michael P. H. and Wiuf, Carsten and May, Robert M.},
	journal = {Proc. Natl. Acad. Sci. U.S.A.},
	volume = {102},
	number = {12},
	pages = {4221--4224},
	year = {2005},
}

@book{konect:knuth1993,
	title = {The {Stanford} {GraphBase}: A Platform for Combinatorial Computing},
	author = {Knuth, Donald Ervin},
	volume = {37},
	year = {1993},
	publisher = {Addison-Wesley Reading},
}

@article{konect:freeman1998,
	title = {Exploring Social Structure using Dynamic Three-dimensional
                  Color Images}, 
	author = {Freeman, Linton Clarke and Webster, Cynthia Marie and Kirke, Deirdre M.},
	journal = {Soc. Netw.},
	volume = {20},
	number = {2},
	pages = {109--118},
	year = {1998},
	publisher = {Elsevier},
}

@incollection{konect:takahata1991,
	title = {Diachronic Changes in the Dominance Relations of Adult Female
                  {Japanese} Monkeys of the {Arashiyama} {B} Group}, 
	author = {Takahata, Yukio},
	booktitle = {The Monkeys of {Arashiyama}:  Thirty-five Years of Res. in {Japan} and the {West}},
	pages = {123--139},
	year = {1991},
	editor = {Fedigan, L. M. and Asquith, P. J.},
}

@misc{konect:harrison,
	howpublished = {\url{http://chrisharrison.net/projects/bibleviz/index.html}},
	note = {Accessed: 2014-08-22},
}

@article{konect:breiger,
	title = {An Algorithm for Clustering Relational Data with Applications
                  to Social Network Analysis and Comparison with
                  Multidimensional Scaling},  
	author = {Breiger, Ronald L. and Boorman, Scott A. and Arabie, Phipps},
	journal = {J. of Math. Psychol.},
	volume = {12},
	number = {3},
	pages = {328--383},
	year = {1975},
	publisher = {Elsevier},
}

@phdthesis{konect:sampson,
	title = {Crisis in a Cloister},
	author = {Sampson, Samuel F.},
	year = {1969},
	school = {Cornell Univ.},
}

@article{konect:guhl,
	title = {Social Behavior of the Domestic Fowl},
	author = {Guhl, A. M.},
	journal = {Manhattan, Kansas: Kansas State Coll., Agricultural Experiment Station, Tech. Bull. 73},
	year = {1953},
}


@article{konect:hass,
	title = {Social Status in Female Bighorn Sheep (\emph{{Ovis}
                  canadensis}): Expression, Development and Reproductive
                  Correlates}, 
	author = {Hass, Christine C.},
	journal = {J. Zool.},
	volume = {225},
	number = {3},
	pages = {509--523},
	year = {1991},
	publisher = {Wiley}, 
}

@article{konect:coleman,
	title = {Introduction to Mathematical Sociology},
	author = {Coleman, James Samuel},
	journal = {London Free Press Glencoe},
	year = {1964},
}


@article{konect:freeman1988,
	title = {On Human Social Intelligence},
	author = {Freeman, Linton C. and Freeman, Sue C. and Michaelson, Alaina G.},
	journal = {J. Soc. and Biol. Struct.},
	volume = {11},
	number = {4},
	pages = {415--425},
	year = {1988},
}

@article{freeman1989,
	title = {How Humans See Social Groups: A Test of the {Sailer--Gaulin} Models},
	author = {Freeman, Linton C. and Freeman, Sue C. and Michaelson, Alaina G.},
	journal = {J. of Quantitative Anthr.},
	volume = {1},
	number = {3},
	pages = {229--238},
	year = {1989},
}

@article{konect:grant,
	title = {Dominance and Association among Members of a Captive and a
                  Free-ranging Group of Grey Kangaroos (\emph{{Macropus} giganteus})},
	author = {Grant, T. R.},
	journal = {Anim. Behav.},
	volume = {21},
	number = {3},
	pages = {449--456},
	year = {1973},
}

@article{konect:lott,
	title = {Dominance Relations and Breeding Rate in Mature Male {American} Bison},
	author = {Lott, Dale F.},
	journal = {Z. f{\"u}r Tierpsychol.},
	volume = {49},
	number = {4},
	pages = {418--432},
	year = {1979},
}

@article{konect:hayes,
	title = {Connecting the Dots. Can the Tools of Graph Theory and
                  Social-network Studies Unravel the Next Big Plot?}, 
	author = {Hayes, Brian},
	journal = {Am. Scientist},
	volume = {94},
	number = {5},
	pages = {400--404},
	year = {2006},
}

@article{konect:sade,
	title = {Sociometrics of {Macaca} mulatta {I}. Linkages and Cliques in Grooming Matrices},
	author = {Sade, D. S.},
	journal = {Folia Primatologica},
	volume = {18},
	number = {3-4},
	pages = {196--223},
	year = {1972},
	publisher = {Karger},
}

@article{konect:schein,
	title = {Social Dominance Relationships in a Herd of Dairy Cattle},
	author = {Schein, Martin W. and Fohrman, Milton H.},
	journal = {The Br. J. of Anim. Behav.},
	volume = {3},
	number = {2},
	pages = {45--55},
	year = {1955},
}

@book{konect:hage,
	title = {Structural Models in Anthropology},
	author = {Hage, Per and Harary, Frank},
	year = {1983},
	publisher = {Cambridge Univ. Press}
}

@book{konect:schwimmer,
	title = {Exchange in the Social Structure of the Orokaiva: Traditional
                  and Emergent Ideologies in the Northern District of
                  {Papua}}, 
	author = {Schwimmer, Eric},
	year = {1973},
	publisher = {St. Martin's Press}
}

@article{konect:sundaresan,
	title = {Network Metrics Reveal Differences in Social Organization
                  Between Two Fission--Fusion Species, {Grevy}'s Zebra
                  and Onager}, 
	author = {Sundaresan, Siva R and Fischhoff, Ilya R and Dushoff, Jonathan
                  and Rubenstein, Daniel I}, 
	journal = {Oecologia},
	volume = {151},
	number = {1},
	pages = {140--149},
	year = {2007},
}

@article{konect:moody,
	title = {Peer Influence Groups: Identifying Dense Clusters in Large Networks},
	author = {Moody, James},
	journal = {Soc. Netw.},
	volume = {23},
	number = {4},
	pages = {261--283},
	year = {2001},
}

@article{konect:coleman1957,
	title = {The Diffusion of an Innovation Among Physicians},
	author = {Coleman, James and Katz, Elihu and Menzel, Herbert},
	journal = {Sociometry},
	pages = {253--270},
	year = {1957},
}

@article{konect:bunt,
	title = {Friendship Networks Through Time: An Actor-oriented Dynamic
                  Statistical Network Model}, 
	author = {Van de Bunt, Gerhard G. and Van Duijn, Marijtje A. J. and
                  Snijders, Tom A. B.},
	journal = {Comput. and Math. Organization Theory},
	volume = {5},
	number = {2},
	pages = {167--192},
	year = {1999},
}

@book{konect:fischer,
	title = {{Paul} {Revere's} Ride},
	author = {Fischer, David Hackett},
	series = {Oxford paperbacks},
	year = {1995},
	publisher = {Oxford Univ. Press}
}

@article{konect:barnes,
	title = {Structural Redundancy and Multiplicity in Corporate Networks},
	author = {Barnes, Roy and Burkett, Tracy},
	journal = {Int. Netw. for Soc. Netw. Anal.},
	volume = {30},
	number = {2},
	year = {2010},
}

@article{konect:faust,
	title = {Centrality in Affiliation Networks},
	author = {Faust, Katherine},
	journal = {Soc. Netw.},
	volume = {19},
	number = {2},
	pages = {157--191},
	year = {1997},
}

@book{konect:hobson,
	title = {The Evolution of Modern Capitalism: A Study of Machine Production},
	author = {Hobson, John Atkinson},
	year = {1894},
	publisher = {Walter Scott},
}

@article{konect:digg,
	title = {Social Dynamics of {Digg}},
	author = {Hogg, T. and Lerman, K.},
	year = {2012},
	journal = {Eur. Phys. J. Data Sci.},
	volume = {1},
	number = {5},
}

@inproceedings{konect:foldoc,
	title = {Network Analysis of Texts},
	author = {V. Batagelj and A. Mrvar and M. Zavešnik},
	booktitle = {Language Technologies},
	year = {2002}, 
	pages = {143--148},
}

@inproceedings{konect:trackers,
	title = {Tracking the Trackers: A Large-Scale Analysis of
                  Embedded Web Trackers}, 
	author = {Sebastian Schelter and Jérôme Kunegis},
	booktitle = {Proc. Int. Conf. on Web and Soc. Media},
	year = {2016},
	pages = {679--682},
	url = {https://www.aaai.org/ocs/index.php/ICWSM/ICWSM16/paper/view/13024},
}

@article{konect:trackers-journal,
	title = {On the Ubiquity of Web Tracking: Insights from a Billion-Page Web Crawl},
	author = {Sebastian Schelter and Jérôme Kunegis},
	journal = {J. of Web Sci.},
	year = {2018},
	volume = {4},
	number = {4},
	pages = {53--66},
	url = {https://www.nowpublishers.com/article/Details/JWS-0014},
}

@inproceedings{konect:sun_2016_49561,
	title = {Predicting User Roles in Social Networks using Transfer
        	Learning with Feature Transformation},
	author = {Jun Sun and Jérôme Kunegis and Steffen Staab},
	booktitle = {Proc. ICDM Workshop on Data Min. in Netw.},
	year = {2016},
	_pages = {...}, 
} 

@article{konect:tntp-chicago1,
	title = {Equilibrium Traffic Assignment on an Aggregated Highway
                  Network for Sketch Planning}, 
	author = {R. W. Eash and K. S. Chon and Y. J. Lee and D. E. Boyce},
	year = {1983},
	journal = {Transp. Res. Record},
	volume = {994},
	pages = {30--37},
}

@article{konect:tntp-chicago2,
	title = {Implementation and Evaluation of Combined Models of
                  Urban Travel and Location on a Sketch Planning
                  Network},
	author = {D. E. Boyce and K. S. Chon and M. E. Ferris and
                  Y. J. Lee and K-T. Lin and R. W. Eash},
	year = {1985},
	journal = {Chicago Area Transp. Study},
	pages = {xii + 169},
}

@misc{konect:socialcomputing,
	title = {Social Computing Data Repository at {ASU}},
	author = {R. Zafarani and H. Liu},
	year = {2009},
	url = {http://socialcomputing.asu.edu},
	institution = {Arizona State Univ., Sch. of Comput.,
                  Informatics and Decision Systems Engineering},  
}

@inproceedings{konect:klimt04,
	author = {Bryan Klimt and Yiming Yang},
	title = {The {Enron} Corpus: A New Dataset for Email
                  Classification Research},
	booktitle = {Proc. Eur. Conf. on Mach. Learn.},
	year = {2004},
	pages = {217--226},
}

@article{konect:reactome,
 	title = {{Reactome}: A Knowledgebase of Biological Pathways},
	author = {Geeta Joshi-Topé and Marc Gillespie and Imre Vastrik and
                  D'Eustachio, Peter and Esther Schmidt and
                  de Bono, Bernard and Bijay Jassal and Gopal Gopinath
                  and Guanming Wu and Lisa Matthews and Suzanna Lewis
                  and Ewan Birney and Lincoln Stein},
	journal = {Nucleic Acids Res.}, 
	volume = {33},
	number = {Database},
	pages = {D428--D432}, 
	year = {2005},
}
 
@inproceedings{konect:radoslaw,
	title = {Matching Organizational Structure and Social Network Extracted from Email Communication},
	author = {Michalski, Rados{\l}aw and Palus, Sebastian and Kazienko, Przemys{\l}aw},
	year = {2011},
	booktitle = {Proc. Int. Conf. on Bus. Inf. Syst.},
	pages = {197--206},
}

@article{konect:foodweb,
	title = {Network Analysis of Trophic Dynamics in {South} {Florida} Ecosystems, {FY} 99: The Graminoid Ecosystem},
	author = {Ulanowicz, Robert E. and Heymans, Johanna J. and Egnotovich, Michael S.},
	journal = {Ann. Report to the United States Geological Service Biol. Resources Division Ref. No.[UMCES] CBL 00-0176, Chesapeake Biological Laboratory, Univ. of Maryland},
	year = {2000},
} 

@inproceedings{konect:stevgong,
	title = {Evolution of Social-Attribute Networks: Measurements, Modeling, and Implications using {Google+}},
	author = {Neil Zhenqiang Gong and Wenchang Xu and Ling Huang and
                  Prateek Mittal and Emil Stefanov and Vyas Sekar and
                  Dawn Song}, 
	booktitle = {Proc. Internet Measurement Conf.},
	year = {2012},
	pages = {131--144},
}

@inproceedings{konect:mislove,
        title = {Measurement and Analysis of Online Social Networks}, 
        author = {Alan Mislove and Massimiliano Marcon and Krishna
                  P. Gummadi and Peter Druschel and Bobby
                  Bhattacharjee},  
        booktitle = {Proc. Internet Measurement Conf.}, 
        year = {2007}, 
}

@phdthesis{konect:mislove2,
        title = {Online Social Networks: Measurement, Analysis, and
                  Applications to Distributed Information Systems}, 
        author = {Alan Mislove},
        school = {Rice Univ.},
        year = {2009}, 
}

@inproceedings{konect:dbpedia2,
        author = {Sören Auer and Christian Bizer and Georgi Kobilarov
                  and Jens Lehmann and Richard Cyganiak and Zachary
                  Ives},
        title = {{DBpedia}: A Nucleus for a Web of Open Data },
        booktitle = {Proc. Int. Semant. Web Conf.},    
        pages = {722--735},
        year = {2008},
}

@article{konect:reuters1,
        title = {{RCV1}: A New Benchmark Collection for Text
                  Categorization Research},  
        author = {Lewis, David D. and Yang, Yiming and Rose, Tony G. and Li, Fan},
        journal = {J. Mach. Learn. Res.},
        year = {2004},
        volume = {5},
        pages = {361--397},
}

@inproceedings{konect:twitter1,
        title = {What is {Twitter}, a Social Network or a News Media?}, 
        author = {Haewoon Kwak and Changhyun Lee and Hosung Park and Sue Moon}, 
        booktitle = {Proc. Int. World Wide Web Conf.},
        year = {2010},
        pages = {591--600}, 
}

@article{konect:duch05,
        title = {Community Detection in Complex Networks using Extremal
                  Optimization}, 
        author = {Jordi Duch and Alex Arenas}, 
        journal = {Phys. Rev. E},
        volume = {72}, 
        number = {2}, 
        pages = {027104},
        year = {2005},
}

@article{konect:boguna,
        title = {Models of Social Networks based on Social Distance
                  Attachment},  
        author = {Marián Boguñá and Romualdo Pastor-Satorras and Albert
                  Díaz-Guilera and Alex Arenas}, 
        journal = {Phys. Rev. E}, 
        volume = {70},
        number = {5},
        year = {2004},
        pages = {056122},
}

@article{konect:guimera03,
        title = {Self-similar Community Structure in a Network of Human
                  Interactions},  
        author = {Roger Guimerà and Leon Danon and Albert Díaz-Guilera and
                  Francesc Giralt and Alex Arenas}, 
        journal = {Phys. Rev. E},
        volume = {68},
        number = {6},
        pages = {065103},
        year = {2003},
}

@inproceedings{konect:brozovsky07,
        title = {Recommender System for Online Dating Service},
        author = {Lukáš Brožovský and Václav Petříček},
        booktitle = {Proc. Znalosti},
        year = {2007},
        pages = {29--40},
}

@inproceedings{konect:DBLP,
        title = {The {DBLP} Computer Science Bibliography: Evolution,
                  Research Issues, Perspectives}, 
        author = {Michael Ley},
        booktitle = {Proc. Int. Symposium on String Process. and Inf. Retr.}, 
        year = {2002},
        pages = {1--10},
}

@article{konect:lewis04,
        title = {{RCV1}: A New Benchmark Collection for Text
                  Categorization Research},  
        author = {Lewis, David D. and Yang, Yiming and Rose, Tony G. and Li, Fan},
        journal = {J. Mach. Learn. Res.},
        year = {2004},
        volume = {5},
        pages = {361--397},
}

@article{konect:eagle06,
        title = {{Reality} {Mining}: Sensing Complex Social Systems}, 
        author = {Eagle, Nathan and (Sandy) Pentland, Alex},
        journal = {Personal Ubiquitous Comput.},
        volume = {10},
        number = {4},
        year = {2006},
        pages = {255--268},
}

@article{konect:chaintreau07,
        title = {Impact of Human Mobility on Opportunistic Forwarding Algorithms}, 
        author = {Augustin Chaintreau and Pan Hui and Jon Crowcroft and
                  Christophe Diot and Richard Gass and James Scott},
        journal = {IEEE Trans. on Mobile Comput.},
        year = {2007},
        volume = {6},
        number = {6},
        pages = {606-620 },
}

@article{konect:kenneth54,
        author = {Kenneth E. Read},
        title = {Cultures of the {Central} {Highlands}, {New} {Guinea}},
        year = {1954},
        volume = {10},
        number = {1},
        journal = {Southwestern J. of Anthropol.},
        pages = {1--43}, 
}


@article{konect:palla07,
        title = {Directed Network Modules}, 
        author = {Gergely Palla and Illés J. Farkas and Péter Pollner and Imre
                  Derényi and Tamás Vicsek},   
        journal = {New J. Phys.},
        volume = {9},
        number = {6},
        pages = {186},
        year = {2007},
}

@book{konect:fellbaum98,
        title = {{WordNet}: an Electronic Lexical Database}, 
        editor = {Christiane Fellbaum}, 
        publisher = {MIT Press}, 
        year = {1998},
}

@inproceedings{konect:massa05,
        title = {Controversial Users Demand Local Trust Metrics: an
                  Experimental Study on {epinions.com} Community},
        author = {Paolo Massa and Paolo Avesani},
        booktitle = {Proc. American Association for Artif. Intell. Conf.},
        year = {2005},
        pages = {121--126},
}

@inproceedings{konect:massa09,
        title = {Bowling Alone and Trust Decline in Social Network Sites},
        author = {Paolo Massa and Martino Salvetti and Danilo Tomasoni},
        booktitle = {Proc. Int. Conf. Dependable, Auton. and Secure Comput.},
        year = {2009},
        pages = {658--663},
}

@article{konect:zhang05,
        title = {Collecting the {Internet} {AS}-level Topology},
        author = {Zhang, Beichuan and Liu, Raymond and Massey, Daniel
                  and Zhang, Lixia}, 
        journal = {SIGCOMM Comput. Communication Review},
        volume = {35},
        number = {1},
        year = {2005},
        pages = {53--61},
}

@article{konect:emamy07,
        title = {{CiteULike}: A Researcher's Social Bookmarking Service},
        author = {Emamy, Kevin and Cameron, Richard},
        journal = {Ariadne},
        number = {51},
        year = {2007}
}

@inproceedings{konect:choudhury09,
        title = {Social Synchrony: Predicting Mimicry of User Actions in
                  Online Social Media},  
        author = {Choudhury, Munmun De and Sundaram, Hari and John,
                  Ajita and Seligmann, Dorée Duncan}, 
        booktitle = {Proc. Int. Conf. on Comput. Science and
                  Engineering},  
        year = {2009}, 
        pages = {151--158}, 
}

@inproceedings{konect:choudhury10,
        title = {How Does the Data Sampling Strategy Impact the
                  Discovery of Information Diffusion in Social Media?},
        author = {Choudhury, Munmun De and Yu-Ru Lin and Hari Sundaram and
                  Candan, K. Selçuk and Lexing Xie and Aisling
                  Kelliher}, 
        booktitle = {ICWSM}, 
        year = {2010}, 
        pages = {34--41}, 
}

@inproceedings{viswanath09,
        author = {Viswanath, Bimal and Mislove, Alan and Cha, Meeyoung
                  and Gummadi, Krishna P.},
        title = {On the Evolution of User Interaction in {Facebook}},
        booktitle = {Proc. Workshop on Online Soc. Netw.},
        year = {2009},
        pages = {37--42},
 }

@article{konect:leskovec07,
        title = {The Dynamics of Viral Marketing},
        author = {Jure Leskovec and Lada A. Adamic and Bernardo
                  A. Huberman},
        journal = {ACM Trans. on the Web},
        year = {2007},
        volume = {1},
        number = {1}, 
}

@article{konect:leskovec107,
        title = {Graph Evolution: Densification and Shrinking
                  Diameters},
        author = {Jure Leskovec and Jon Kleinberg and Christos
                  Faloutsos}, 
        journal = {ACM Trans. Knowl. Discov. from Data},   
        year = {2007},
        volume = {1},
        number = {1},
        pages = {1--40},
}

@inproceedings{konect:leskovec2012,
	title = {Defining and Evaluating Network Communities based on Ground-Truth},
	author = {Yang, Jaewon and Leskovec, Jure},
	booktitle = {Proc. ACM SIGKDD Workshop on Min. Data Semant.},
	pages = {3},
	year = {2012},
}

@inproceedings{konect:leskovec207,
        title = {Governance in Social Media: A Case Study of the
                  {Wikipedia} Promotion Process},  
        author = {Jure Leskovec and Daniel Huttenlocher and Jon
                  Kleinberg},
        booktitle = {Proc. Int. Conf. on Weblogs and Soc. Media},
        year = {2010},
}

@inproceedings{konect:leskovec08,
        title = {Statistical Properties of Community Structure in Large
                  Social and Information Networks}, 
        author = {Jure Leskovec and Kevin J. Lang and Anirban Dasgupta
                  and Michael W. Mahoney},
        booktitle = {Proc. Int. World Wide Web Conf.},
        year = {2008},
        pages = {695--704},
}

@article{konect:ripeanu02,
        title = {Mapping the {Gnutella} Network:  Properties of
                  Large-scale Peer-to-peer Systems and Implications for
                  System Design},  
        author = {Matei Ripeanu and Ian Foster and Adriana Iamnitchi},
        journal = {IEEE Internet Comput. J.},
        year = {2002},
        volume = {6},
}

@inproceedings{konect:bennett07,
        title = {The {Netflix} Prize},
        author = {James Bennett and Stan Lanning},
        year = {2007},
        booktitle = {Proc. KDD Cup},
        pages = {3--6},
}

@article{konect:arenas-jazz,
	title = {Community Structure in Jazz},
	author = {Gleiser, Pablo M. and Danon, Leon},
	journal = {Advances in Complex Systems},
	volume = {6},
	number = {4},
	pages = {565--573},
	year = {2003},
}

@book{konect:sgb,
	title = {The Art of Computer Programming, Volume 4, Fascicle 0:
                  Introduction to Combinatorial and Boolean Functions},  
	author = {Donald E. Knuth},
	publisher = {Addison-Wesley},
	year = {2008},
}

@article{konect:dolphins,
	title = {The Bottlenose Dolphin Community of {Doubtful} {Sound}
                  Features a Large Proportion of Long-Lasting
                  Associations},  
	author = {D. Lusseau and K. Schneider and O. J. Boisseau and
                  P. Haase and E. Slooten and S. M. Dawson},  
	journal = {Behav. Ecol. and Sociobiol.},
	volume = {54}, 
	pages = {396--405},
	year = {2003},
}
 
@article{konect:ba,
	title = {Emergence of Scaling in Random Networks},
	author = {Albert-László Barabási and Réka Albert},
	journal = {Science},
	number = {5439},
	pages = {509--512},
	volume = {286},
	year = {1999},
	notes = {
		Preferential attachment (main reference).
		Scale-free network.
		Barabási--Albert model.
	},
}

@article{konect:proteome,
	title = {Towards a Proteome-scale Map of the Human Protein--Protein Interaction Network}, 
	number = {7062}, 
	journal = {Nature}, 
	author = {Jean-François Rual and Kavitha Venkatesan and Tong Hao
                  and Tomoko Hirozane-Kishikawa and Amélie Dricot and
                  Ning Li and Gabriel F. Berriz and Francis D. Gibbons
                  and Matija Dreze and Nono Ayivi-Guedehoussou}, 
 	year = {2005},
	pages={1173--1178},
}

@article{konect:stelzl,
	author = {Stelzl, U. and Worm, U. and Lalowski, M. and Haenig, C. and
                  Brembeck, F. H. and Goehler, H. and Stroedicke, M. and
                  Zenkner, M. and Schoenherr, A. and Koeppen, S. and
                  Timm, J. and Mintzlaff, S. and Abraham, C. and Bock,
                  N. and Kietzmann, S. and Goedde, A. and Toksöz, E and
                  Droege, A. and Krobitsch, S. and Korn, B. and
                  Birchmeier, W. and Lehrach, H. and Wanker, E. E.}, 
	title = {A Human Protein--Protein Interaction Network: A Resource for Annotating the Proteome},
	year = {2005},
	journal = {Cell},
	volume = {122},
	pages = {957--968},
}

@article{konect:figeys,
	author = {Ewing, Rob M. and Chu, Peter and Elisma, Fred and Li,
                  Hongyan and Taylor, Paul and Climie, Shane and
                  McBroom-Cerajewski, Linda and Robinson, Mark D. and
                  O'Connor, Liam and Li, Michael and Taylor, Rod and
                  Dharsee, Moyez and Ho, Yuen and Heilbut, Adrian and
                  Moore, Lynda and Zhang, Shudong and Ornatsky, Olga and
                  Bukhman, Yury V. and Ethier, Martin and Sheng, Yinglun
                  and Vasilescu, Julian and Abu-Farha, Mohamed and
                  Lambert, Jean-Philippe P. and Duewel, Henry S. and
                  Stewart, Ian I. and Kuehl, Bonnie and Hogue, Kelly and
                  Colwill, Karen and Gladwish, Katharine and Muskat,
                  Brenda and Kinach, Robert and Adams, Sally-Lin L. and
                  Moran, Michael F. and Morin, Gregg B. and Topaloglou,
                  Thodoros and Figeys, Daniel}, 
	journal = {Molecular Systems Biol.},
	title = {Large-scale Mapping of Human Protein--Protein Interactions by Mass Spectrometry},
	volume = {3},
	year = {2007},
}

@article{konect:pdzbase,
	title={{PDZBase}: A Protein--Protein Interaction Database For {PDZ}-Domains},
	author = {Beuming, Thijs and Skrabanek, Lucy and Niv, Masha Y. and Mukherjee, Piali and Weinstein, Harel},
	journal={Bioinformatics},
	volume={21},
	number={6},
	pages={827--828},
	year={2005},
}

@inproceedings{konect:convote,
	author = {Matt Thomas and Bo Pang and Lillian Lee},
	title = {Get the Out Vote: Determining Support or Opposition from
                  Congressional Floor-Debate Transcripts},  
	booktitle = {Proc. Conf. on Empir. Methods in Nat. Lang. Process.},
	pages = {327--335},
	year = {2006},
}

@misc{icon.colorado.edu,
	title = {Index of Complex Networks},
	author = {Aaron Clauset},
	year = {2017},
	month = {June},
	howpublished = {\url{https://icon.colorado.edu/}},
}

@misc{konect:pajek,
	title = {Pajek Datasets},
	author = {Vladimir Batagelj},
	year = {2017},
	month = {July},
	howpublished = {\url{http://vlado.fmf.uni-lj.si/pub/networks/data/}},
}

@misc{konect:ucinet,
	title = {{UCINET} {IV} Datasets},
	year = {2017},
	month = {July},
	howpublished = {\url{http://vlado.fmf.uni-lj.si/pub/networks/data/ucinet/ucidata.htm}},
}

@misc{konect:asu,
	title = {Social Computing Data Repository at {ASU}},
	year = {2017},
	month = {July}, 
	howpublished = {\url{http://socialcomputing.asu.edu/pages/datasets}},
}

@misc{konect:network-repository,
	title = {{Network} {Repository} -- An Interactive Network Data Repository}, 
	year = {2017},
	month = {July}, 
	howpublished = {\url{http://networkrepository.com/}},
}

@inproceedings{konect:wikilens,
	title = {Recommenders Everywhere: The {WikiLens} Community-maintained Recommender System},
	author = {Frankowski, Dan and Lam, Shyong K. and Sen, Shilad and Harper, F. Maxwell and Yilek, Scott and Cassano, Michael and Riedl, John},
	booktitle = {Proc. Int. Symp. on Wikis},
	year = {2007},
	pages = {47--60},
} 

@inproceedings{konect:arnetminer,
	title = {{ArnetMiner}: Extraction and Mining of Academic Social Networks},
	author = {Jie Tang and Jing Zhang and Limin Yao and Juanzi Li and Li Zhang and Zhong Su},
	booktitle = {Proc. Int. Conf. on Knowl. Discov. and Data Min.},
	pages = {990--998},
	year = {2008},
}

@inproceedings{konect:slashdot-zoo,
	title = {The {Slashdot Zoo}:  Mining a Social Network with Negative Edges},
	author = {Jérôme Kunegis and Andreas Lommatzsch and Christian Bauckhage},
	year = {2009},
	booktitle = {Proc. Int. World Wide Web Conf.},
	pages = {741--750},	
	url = {http://dl.acm.org/citation.cfm?id=1526809},
}

@misc{konect:bag,
	author = {M. Lichman},
	year = {2013},
	title = {{UCI} {Machine} {Learning} {Repository}},
	url = {http://archive.ics.uci.edu/ml},
	institution = {Univ, of California, Irvine, School of Information and Comput. Sci.},
}

@inproceedings{b524,
	title = {{CiteSeer}: An Autonomous {Web} Agent for Automatic
                  Retrieval and Identification of Interesting
                  Publications},
	author = {Kurt Bollacker and Steve Lawrence and C. Lee Giles},
	booktitle = {Proc. Int. Conf. on Auton. Agents},
	year = {1998},
	pages = {116--123},
	notes = {
		#: The "citeseer" dataset.
	},
}

@mastersthesis{preusse:webuni,
	title = {Analysis of the {WebUni} Online Student Community}, 
	author = {Julia Preusse}, 
	school = {Otto-von-Guericke-Universität Magdeburg}, 
	year = {2010}, 
}

@article{b397,
	title = {Engineering a Multi-purpose Test Collection for {W}eb
                  Retrieval Experiments},
	author = {Peter Bailey and Nick Craswell and David Hawking},
	journal = {Inf. Process. and Manag.},
	volume = {39},
	number = {6},
	pages = {853--871},
	year = {2003},
}

@inproceedings{b376,
	author = {Bronwyn H. Hall and Adam B. Jaffe and Manuel
                  Trajtenberg},
	title = {The {NBER} Patent Citations Data File: Lessons,
                  Insights and Methodological Tools},
	booktitle = {{NBER} Working Papers 8498, Natl. Bureau of
                  Economic Research, Inc},
	year = {2001},
}

@inproceedings{b494,
	title = {Growth of the {Flickr} Social Network},
	author = {Alan Mislove and Hema Swetha Koppula and Krishna
                  P. Gummadi and Peter Druschel and Bobby
                  Bhattacharjee},
	booktitle = {Proc. Workshop on Online Soc. Netw.},
	year = {2008},
	pages = {25--30},
}

@inproceedings{wetzker:delicious-cookbook,
	author = {Robert Wetzker and Carsten Zimmermann and Christian Bauckhage},
	title = {Analyzing Social Bookmarking Systems: A {del.icio.us} Cookbook},
	booktitle = {Proc. Mining Soc. Data Workshop},
	year = {2008},
	pages = {26--30},
}

@inproceedings{kling:lqfb,
	title = {Voting Behaviour and Power in Online Democracy:  A Study of {LiquidFeedback} in {Germany}'s {Pirate} {Party}}, 
	author = {Christoph Carl Kling and Jérôme Kunegis and Heinrich Hartmann and Markus Strohmaier and Steffen Staab},
	booktitle = {Proc. Int. Conf. on Weblogs and Soc. Media},
	year = {2015},
	pages = {208--217}, 
	url = {http://www.aaai.org/ocs/index.php/ICWSM/ICWSM15/paper/view/10566},
}

@inproceedings{konect:lkml,
	title = {Private-Collective Invention and Open Source Software:  Longitudinal Insights from {Linux} Kernel Development},  
	author = {Dirk Homscheid and Jérôme Kunegis and Mario Schaarschmidt},
	booktitle = {Proc. IFIP Conf. on e-Business, e-Services and e-Society},
	year = {2015},
	pages = {299--313},
	url = {https://link.springer.com/chapter/10.1007/978-3-319-25013-7_24},
}

@article{konect:marvel,
	title = {{Marvel} Universe Looks Almost Like a Real Social Network},
	author = {Ricardo Alberich and J. Miro-Julia and Francesc Rosselló},
	year = {2002},
	url = {https://arxiv.org/abs/cond-mat/0202174},
}

@inproceedings{konect:amazon,
	title = {Addressing Complex and Subjective Product-Related Queries with Customer Reviews},
	author = {Julian McAuley and Alex Yang},
	booktitle = {Proc. Int. World Wide Web Conf.},
	year = {2016},
	pages = {625--635},
}

@inproceedings{konect:wang2010,
	author = {Hongning Wang and Yue Lu and Chengxiang Zhai},
	title = {Latent Aspect Rating Analysis on Review Text Data: A Rating Regression Approach},
	booktitle = {Proc. Int. Conf. on Knowl. Discov. and Data Min.},
	year = {2010},
	pages = {783--792},
}

@inproceedings{konect:wang2011,
	author = {Hongning Wang and Yue Lu and ChengXiang Zhai},
	title = {Latent Aspect Rating Analysis without Aspect Keyword Supervision},
	booktitle = {Proc. Int. Conf. on Knowl. Discov. and Data Min.},
	year = {2011},
	pages = {618--626},
}


@inproceedings{konect:ciaodvd,
	title = {{ETAF}: An Extended Trust Antecedents Framework for Trust Prediction},
	author = {Guo, Guobing and Zhang, Jie and Thalmann, Daniel and Yorke-Smith, Neil},
	booktitle = {Proc. Int. Conf. Adv. in Soc. Netw. Anal. and Min.},
	pages = {540--547},
 	year = {2014},
}

@inproceedings{konect:filmtrust,
	title = {A Novel {Bayesian} Similarity Measure for Recommender Systems},
	author = {Guo, Guobing and Zhang, Jia and Yorke-Smith, Neil},
	booktitle = {Proc. Int. Joint Conf. on Artif. Intell.},
	year = {2013},
	pages = {2619--2625},
}

@article{konect:celegansneural1,
	title = {The Structure of the Nervous System of the Nematode {Caenorhabditis} elegans},
	author = {John G. White and E. Southgate and J. N. Thomson and S. Brenner},
	journal = {Phil. Trans. R. Soc. Lond},
	volume = {314},
	pages = {1--340},
	year = {1986},
}

@article{konect:football,
	title = {Community Structure in Social and Biological Networks},
	author = {Girvan, Michelle and Newman, Mark E. J.},
	journal = {Proc. Natl. Acad. Sci. U.S.A.},
	volume = {99},
	number = {12},
	pages = {7821--7826},
	year = {2002},
}

@article{konect:chesapeake,
	title={The Seasonal Dynamics of the {Chesapeake} {Bay} Ecosystem},
	author = {Baird, Daniel and Ulanowicz, Robert E.},
	journal = {Ecol. Monogr.},
	volume = {59},
	number = {4},
	pages = {329--364},
	year = {1989},
}

@article{konect:BCSU3,
	title = {{UbiCrawler}: A Scalable Fully Distributed Web Crawler},
	author = {Paolo Boldi and Bruno Codenotti and Massimo Santini and Sebastiano Vigna},
	journal = {Softw.: Pract. and Exp.},
	year = {2004},
	volume = {34},
	number = {8},
	pages = {711--726},
}

@inproceedings{konect:kumar2016wsn,
	title = {Edge Weight Prediction in Weighted Signed Networks},
	author = {Kumar, Srijan and Spezzano, Francesca and Subrahmanian, V. S. and Faloutsos, Christos},
	booktitle = {Proc. Int. Conf. Data Min.},
	year = {2016},
	pages = {221--230},
}

@article{konect:hiv,
	title = {Cluster of Cases of the Acquired Immune Deficiency Syndrome: Patients Linked by Sexual Contact},
	author = {Auerbach, David M. and Darrow, William W. and Jaffe, Harold W. and Curran, James W.},
	journal = {The Am. J. of Med.},
	volume = {76},
	number = {3},
	pages = {487--492},
	year = {1984},
}

@article{konect:iceland,
	title = {Preliminary Studies of Sexual Networks in a Make Homosexual Community in {Iceland}},
	author = {Haraldsdottir, Sigridur and Gupta, Sunetra and Anderson, Roy M.},
	journal = {J. of Acquir. Immune Defic. Syndr.},
	volume = {5},
	number = {4},
	pages = {374--381},
	year = {1992},
}

@article{konect:gene_fusion,
	title = {A Gene Fusion Network in Human Neoplasia},
	author = {Höglund, Mattias and Frigyesi, Attila and Mitelman, Felix},
	journal = {Oncogene},
	volume = {25},
	number = {18},
	pages = {2674},
	year = {2006},
}

@article{konect:league,
	title = {Deformed {Laplacians} and Spectral Ranking in Directed Networks},
	author = {Michaël Fanuel and Johan A. K. Suykens},
	journal = {Applied and Computational Harmonic Analysis},
	year = {2017},
	note = {In press},
}

@article{konect:fiedler1973,
	title = {Algebraic Connectivity of Graphs},
	author = {Miroslav Fiedler},
	journal = {Czechoslov. Math. J.},
	volume = {23},
	number = {98},
	pages = {298--305},
	year = {1973},
	notes = {statistic.alcon},
}

@inproceedings{konect:kunegis2012c,
	title = {Fairness on the Web: Alternatives to the Power Law},
	author = {J\'{e}r\^{o}me Kunegis and Julia Preusse},
	booktitle = {Proc. Web Sci. Conf.},
	year = {2012}, 
	pages = {175--184},
	url = {http://dl.acm.org/citation.cfm?id=2380741},
}

@article{konect:kunegis2015,
	title = {Exploiting the Structure of Bipartite Graphs for Algebraic and Spectral Graph Theory Applications},  
	author = {J\'{e}r\^{o}me Kunegis},
	journal = {Internet Math.},
	year = {2015},
	volume = {11},
	number = {3},
	pages = {201--321},
	url = {http://www.tandfonline.com/doi/abs/10.1080/15427951.2014.958250},
}

@inproceedings{konect:kunegis2012b,
	title = {Diversity Dynamics in Online Networks},
	author = {J\'{e}r\^{o}me Kunegis and Sergej Sizov and Felix Schwagereit and Damien Fay},
	booktitle = {Proc. Conf. on Hypertext and Soc. Media},
	year = {2012}, 
	pages = {255--264},
	url = {http://dl.acm.org/citation.cfm?id=2310039},
}

@article{konect:jeong-metabolic-2000,
	title = {The Large-Scale Organization of Metabolic Networks},
	author = {Jeong, Hawoong and Tombor, Bálint and Albert, Réka and Oltvai, Zoltan N. and Barabási, Albert-László},
	journal = {Nature},
	year = {2000},
	volume = {407},
	pages = {651--654},
}

@article{konect:wit,
	title = {{WIT}: Integrated System for High-Throughput Genome
                  Sequence Analysis and Metabolic Reconstruction}, 
	author = {Ross Overbeek and Niels Larsen and Gordon D. Pusch and
                  Mark D'Souza and Evgeni Selkov Jr. and Nikos Kyrpides and
                  Michael Fonstein and Natalia Maltsev and Evgeni
                  Selkov},
	journal = {Nucleic Acids Res.},
	year = {2000},
	volume = {28},
	number = {1},
	pages = {123--125},
}
