%
% Works by Jérôme Kunegis. 
%
% Papers are divided into those where I am a primary and secondary
% author.  Primary author does not necessarily mean first author.  I
% understand "primary author" as someone taking the initiative in
% writing a paper, and as a secondary author someone who gives guidance
% or contributes in another way (e.g. a dataset, code, etc.).  The
% distinction is blurred in newer papers
%
% Ordering is from oldest to newest. 
%
% We include the main URL via the 'url' field, and other URLs via
% 'url_*' fields. 
%

%
% Theses
%

@mastersthesis{kunegis:master,
	title = {Using Integer Linear Programming for Search Results Optimization},
	author = {Jérôme Kunegis},
	school = {Tech. Univ. of Berlin},
	year = {2006},
	type = {diploma thesis},
	url = {https://pdfs.semanticscholar.org/42ca/e9b00864ee09bc9bc92ef3d411e20b966a8d.pdf},
}

@phdthesis{kunegis:phd,
	title = {On the Spectral Evolution of Large Networks},
	author = {Jérôme Kunegis},
	school = {Univ. of Koblenz--Landau},
	year = {2011},
	url = {https://kola.opus.hbz-nrw.de/frontdoor/index/index/docId/581},
}

%
% As primary author
%

@inproceedings{kunegis:negative-resistance,
	title = {Collaborative Filtering using Electrical Resistance Network Models with Negative Edges},  
	author = {Jérôme Kunegis and Stephan Schmidt},
	booktitle = {Proc. Industrial Conf. on Data Min.},
	year = {2007},
	pages= {269--282},
	url = {https://www.semanticscholar.org/paper/Collaborative-Filtering-using-Electrical-Resistanc-Kunegis-Schmidt/8266ddfc2cbfb6d69017ba7696bfe5335ea11b21},
}

@inproceedings{kunegis:adapting-ratings,
	title = {Adapting Ratings in Memory-Based Collaborative Filtering using Linear Regression}, 
	author = {Jérôme Kunegis and {\,{S}}ahin Albayrak},
	booktitle = {Proc. Int. Conf. on Inf. Reuse and Integration},
	year = {2007}, 
	url = {http://ieeexplore.ieee.org/document/4296596/},
}

@inproceedings{kunegis:assessing-unrated, 
	title = {Assessing the Value of Unrated Items in Collaborative Filtering},
	author = {Jérôme Kunegis and Andreas Lommatzsch and Martin
                  Mehlitz and {\,{S}}ahin Albayrak},
	booktitle = {Proc. Int. Conf. on Digital Inf. Manag.},
	year = {2007},
	pages = {212--216}, 
	url = {http://ieeexplore.ieee.org/document/4444225/},
}

@inproceedings{kunegis:netflix-srd,
	title = {Modeling Collaborative Similarity with the Signed
                  Resistance Distance Kernel}, 
	author = {Jérôme Kunegis and Stephan Schmidt and Christian Bauckhage
                  and Martin Mehlitz and Albayrak, {\,{S}}ahin}, 
	booktitle = {Proc. European Conf. on Artificial Intelligence},
	year = {2008},
	pages = {261--265},
	url = {http://dl.acm.org/citation.cfm?id=1567341},
}

@inproceedings{kunegis:kernel-scalability,
	title = {On the Scalability of Graph Kernels Applied to
                  Collaborative Recommenders}, 
	author = {Jérôme Kunegis and Andreas Lommatzsch and Christian
                  Bauckhage and {\,{S}}ahin Albayrak}, 
	booktitle = {Proc. ECAI Workshop on Recommender Syst.},
	year = {2008},
	pages = {35--38},
	url = {http://www.dai-labor.de/en/publication/361},
	url_presentation = {https://fr.slideshare.net/kunegis/kunegis-kernelscalabilitypresentation},
}

@inproceedings{kunegis:alternative-similarity,
	title = {Alternative Similarity Functions for Graph Kernels},
	author = {Jérôme Kunegis and Andreas Lommatzsch and Christian Bauckhage},
	booktitle = {Proc. Int. Conf. on Pattern Recognit.},
	year = {2008}, 
	url = {http://ieeexplore.ieee.org/document/4761801/},
}

@inproceedings{kunegis:slashdot-zoo,
	title = {The {Slashdot Zoo}:  Mining a Social Network with Negative Edges},
	author = {Jérôme Kunegis and Andreas Lommatzsch and Christian Bauckhage},
	year = {2009},
	booktitle = {Proc. Int. World Wide Web Conf.},
	pages = {741--750},	
	url = {http://dl.acm.org/citation.cfm?id=1526809},
	url_presentation = {https://www.slideshare.net/kunegis/the-slashdot-zoo-mining-a-social-network-with-negative-edges},
}

@inproceedings{kunegis:spectral-transformation, 
	title = {Learning Spectral Graph Transformations for Link Prediction},
	author = {Jérôme Kunegis and Andreas Lommatzsch},
	year = {2009},
	booktitle = {Proc. Int. Conf. on Mach. Learn.},
	pages = {561--568},
	url = {http://dl.acm.org/citation.cfm?id=1553447},
	url_presentation = {https://fr.slideshare.net/kunegis/learning-spectral-graph-transformations-for-link-prediction},
	url_video = {http://videolectures.net/icml09_kunegis_lsgtlp/},
}

@misc{kunegis:universal-recommender,
	title = {The {Universal Recommender}},
	author = {Jérôme Kunegis and Alan Said and Winfried Umbrath},
	year = {2009}, 
	howpublished = {White paper}, 
	url = {https://arxiv.org/abs/0909.3472},
}

@inproceedings{kunegis:signed-kernels,
	title = {Spectral Analysis of Signed Graphs for Clustering,
                  Prediction and Visualization}, 
	author = {Jérôme Kunegis and Stephan Schmidt and Andreas
                  Lommatzsch and Jürgen Lerner},
	booktitle = {Proc. SIAM Int. Conf. on Data Min.},
	year = {2010},
	pages = {559--570}, 
	url = {http://epubs.siam.org/doi/abs/10.1137/1.9781611972801.49},
}

@inproceedings{kunegis:hyperbolic-sine,
	title = {The Link Prediction Problem in Bipartite Networks}, 
	author = {Jérôme Kunegis and De Luca, Ernesto W. and {\,{S}}ahin Albayrak},
	year = {2010},
	booktitle = {Proc. Int. Conf. in Inf. Processing and Manag. of Uncertainty in Knowl.-based Syst.}, 
	pages = {380--389},
	url = {https://link.springer.com/chapter/10.1007/978-3-642-14049-5_39},
}

@inproceedings{kunegis:spectral-network-evolution,
	title = {Network Growth and the Spectral Evolution Model}, 
	author = {Jérôme Kunegis and Damien Fay and Christian Bauckhage},
	booktitle = {Proc. Int. Conf. on Inf. and Knowl. Manag.}, 
	year = {2010}, 
	pages = {739--748}, 
	url = {http://dl.acm.org/citation.cfm?id=1871533},
	url_presentation = {https://www.slideshare.net/kunegis/presentation-5758116},
}

@inproceedings{nasir:retweets,
	title = {Bad News Travels Fast: A Content-based Analysis of Interestingness on {Twitter}},
	author = {Nasir Naveed and Thomas Gottron and Jérôme Kunegis and
                  Che Alhadi, Arifah},
	booktitle = {Proc. Web Sci. Conf.},
	year = {2011},
	url = {http://dl.acm.org/citation.cfm?id=2527052},
	url_video = {http://videolectures.net/acmwebsci2011_kunegis_interestingness/},
}

@inproceedings{nasir:retweet-ranking,
	title = {Searching Microblogs: Coping with Sparsity and Document Quality},
	author = {Nasir Naveed and Thomas Gottron and Jérôme Kunegis and
                  Che Alhadi, Arifah},
	booktitle = {Proc. Int. Conf. on Inf. and Knowl. Manag.},
	year = {2011},
	pages = {183--188},
	url = {http://dl.acm.org/citation.cfm?id=2063607},
}

@inproceedings{che-alhadi:trec-microblog,
	author = {Che Alhadi, Arifah and Thomas Gottron and Jérôme Kunegis and Naveed, Nasir},
	title = {{LiveTweet}: Microblog Retrieval Based on Interestingess
                  and an Adaptation of the Vector Space Model}, 
	booktitle = {Proc. Text Retrieval Conference},
	year = {2011}, 
	url = {https://link.springer.com/chapter/10.1007%2F978-3-642-28997-2_66},
}

@inproceedings{che-alhadi:live-tweet,
	title = {{LiveTweet}: Monitoring and Predicting Interesting Microblog Posts},
	author = {Che Alhadi, Arifah and Gottron, Thomas and Kunegis, Jérôme and Naveed, Nasir},
	booktitle = {Proc. European Conf. on Inf. Retrieval
                  Demonstrations}, 
	pages = {569--570},
	year = {2012},
	url = {https://link.springer.com/chapter/10.1007/978-3-642-28997-2_66},
}

@inproceedings{kunegis:network-rank,
	title = {Diversity Dynamics in Online Networks},
	author = {Jérôme Kunegis and Sergej Sizov and Felix Schwagereit and Damien Fay},
	booktitle = {Proc. Conf. on Hypertext and Soc. Media},
	year = {2012}, 
	pages = {255--264},
	url = {http://dl.acm.org/citation.cfm?id=2310039},
	url_presentation = {https://pt.slideshare.net/kunegis/presentation-2012ht},
}

@article{kunegis:spectral-evolution,
   	title = {Spectral Evolution in Dynamic Networks},
   	author = {Kunegis, Jérôme and Fay, Damien and Bauckhage, Christian},
   	journal = {Knowl. and Inf. Syst.},
	pages = {1--36},
	year = {2013},
	volume = {37},
	number = {1},
	url = {https://link.springer.com/article/10.1007/s10115-012-0575-9},
   	url_doi = {http://dx.doi.org/10.1007/s10115-012-0575-9},
}

@inproceedings{kunegis:power-law,
	title = {Fairness on the Web: Alternatives to the Power Law},
	author = {Jérôme Kunegis and Julia Preusse},
	booktitle = {Proc. Web Sci. Conf.},
	year = {2012}, 
	pages = {175--184},
	url = {http://dl.acm.org/citation.cfm?id=2380741},
	url_slideshare = {https://www.slideshare.net/kunegis/fairness-on-the-web-alternatives-to-the-power-law-websci-2012},
	url_video = {http://www.youtube.com/watch?v=udzzfF_KKso},
}

@inproceedings{kunegis:konect-cloud,
	title = {{KONECT Cloud} -- Large Scale Network Mining in the Cloud},
	author = {Jérôme Kunegis},
	year = {2012},
	month = {April},
	booktitle = {Proc. Spring 2012 Future SOC Lab Day},
	series = {HPI Technical Report Series},
	url = {https://books.google.be/books?id=06fDCQAAQBAJ&pg=PA107}, 
	url_presentation = {https://www.slideshare.net/kunegis/konect-cloud-large-scale-network-mining-in-the-cloud-12958650},
	url_video = {http://www.tele-task.de/de/archive/video/flash/16348/},	
}

@inproceedings{kunegis:split-complex-dating,
	title = {Online Dating Recommender Systems: The Split-complex Number Approach},
	author = {Jérôme Kunegis and Gerd Gröner and Thomas Gottron},
	year = {2012},
	booktitle = {Proc. Workshop on Recommender Syst. and the Soc. Web},
	pages = {37--44},
	url = {http://dl.acm.org/citation.cfm?id=2365942},
	url_presentation = {https://fr.slideshare.net/kunegis/presentation-2012rsweb},
}

@inproceedings{kunegis:directed-decomposition,
	title = {Predicting Directed Links using Nondiagonal Matrix Decomposition},
 	author = {Jérôme Kunegis and Jörg Fliege},
	booktitle = {Proc. Int. Conf. on Data Min.},
	year = {2012},
	pages = {948--953},
	url = {http://ieeexplore.ieee.org/document/6413827/},
}

@inproceedings{kunegis:latent-negative,
	title = {What Is the Added Value of Negative Links in Online Social Networks?},  
	author = {Jérôme Kunegis and Julia Preusse and Felix Schwagereit},
	year = {2013},
	booktitle = {Proc. Int. World Wide Web Conf.},
	pages = {727--736},
	url = {http://dl.acm.org/citation.cfm?id=2488452},
	url_presentation = {https://www.slideshare.net/kunegis/presentationwww},
}

@inproceedings{kunegis:preferential-attachment,
	title = {Preferential Attachment in Online Networks:  Measurement and Explanations}, 
	author = {Jérôme Kunegis and Marcel Blattner and Christine Moser},
	year = {2013},
	pages = {205--214},
	booktitle = {Proc. Web Sci. Conf.},
	url = {http://dl.acm.org/citation.cfm?id=2464514}, 
	url_arxiv = {http://arxiv.org/abs/1303.6271}, 
}

@article{kunegis:network-encyclopedia-1,
	title = {Social Network Datasets},
	author = {Jérôme Kunegis},
	journal = {Encyclopedia of Soc. Netw. Anal. and Min.},
	year = {2013},
	publisher = {Springer},
	url = {http://www.springer.com/gb/book/9781461461692},
}

@article{kunegis:network-encyclopedia-2,
	title = {Spectral Evolution of Social Networks},
	author = {Jérôme Kunegis},
	journal = {Encyclopedia of Soc. Netw. Anal. and Min.},
	year = {2013},
	publisher = {Springer},
	url = {http://www.springer.com/gb/book/9781461461692},
}

@inproceedings{kunegis:konect,
	title = {{KONECT} -- {The} {Koblenz} {Network} {Collection}},
	author = {Jérôme Kunegis},
	year = {2013},
	booktitle = {Proc. Int. Conf. on World Wide Web Companion},
	pages = {1343--1350},
	url = {http://dl.acm.org/citation.cfm?id=2488173},
}

@misc{kunegis:polcovar,
	title = {{Polcovar}: Software for Computing the Mean and Variance of Subgraph Counts in Random Graphs},
	author = {Jérôme Kunegis},
	year = {2014},
	url = {http://arxiv.org/abs/1402.5835},
}

@online{kunegis:negativity,
	title = {Applications of Structural Balance in Signed Social Networks},
	author = {Jérôme Kunegis},
	year = {2014},
	note = {arXiv:1402.6865},
	url = {http://arxiv.org/abs/1402.6865},
}

@article{kunegis:bipartivity,
	title = {Exploiting the Structure of Bipartite Graphs for Algebraic and Spectral Graph Theory Applications},  
	author = {Jérôme Kunegis},
	journal = {Internet Math.},
	year = {2015},
	volume = {11},
	number = {3},
	pages = {201--321},
	doi = {10.1080/15427951.2014.958250},
	url = {http://www.tandfonline.com/doi/abs/10.1080/15427951.2014.958250},
}

@article{kunegis:petster,
	title = {Social Networking by Proxy:  A Case Study of {Catster}, {Dogster} and {Hamsterster}},  
	author = {Daniel Dünker and Jérôme Kunegis},
	year = {2015},
	url = {http://arxiv.org/abs/1501.04527},
}

@inproceedings{duenker:petster,
	title = {Social Networking by Proxy:  Analysis of {Dogster}, {Catster} and {Hamsterster}},
	author = {Daniel Dünker and Jérôme Kunegis},
	booktitle = {Proc. Int. Conf. on World Wide Web Companion},
	year = {2015},
	pages = {361--362},
	url = {http://dl.acm.org/citation.cfm?id=2745936},
}

@article{kunegis:nopref,
	title = {The Problem of Action at a Distance in Networks and the
                  Emergence of Preferential Attachment from Triadic
                  Closure},  
	author = {Jérôme Kunegis and Fariba Karimi and Jun Sun},
	journal = {J. of Interdiscip. Methodol. and Issues in Sci.},
	year = {2017},
	volume = {Graphs and Social Systems}, 
	url = {http://jimis.episciences.org/paper/view/id/3285}, 
	url_hal = {https://hal.archives-ouvertes.fr/hal-01359796},
	url_arxiv = {https://arxiv.org/abs/1408.0119},
	url_src = {https://github.com/yfiua/nopref/jimis/},
	doi = {10.18713/JIMIS-140417-2-4},
}

@article{kunegis:graph-generator,
	title = {``Graph Generator''},
	author = {Jérôme Kunegis and Sun, Jun and Eiko Yoneki},
	year = {2017},
	journal = {Comput. Soc. Netw.},
	note = {In review},
	url_src = {https://github.com/yfiua/graph-generator/2017/},
}

%
% As secondary author
%

@inproceedings{karatas:interactive-tv,
	title = {Connecting Senior Citizens through Interactive {TV}},
	author = {Barış Karataş and Torsten Schmidt and Jérôme Kunegis and Till Plumbaum},
	year = {2010},
	booktitle = {Proc. Ambient Assisted Living},
	url = {http://www.dai-labor.de/fileadmin/files/publications/karatas10a.pdf},
}

@inproceedings{hahne:gradualisiertes-communitymodell,
	title = {Ein gradualisiertes {Community-Modell} zur {Bildung} wissenschaftlicher {Gemeinschaften}},
	author = {Michael Hahne and Corinna Jung and Jérôme Kunegis and Andreas Lommatzsch and André Paus}, 
	booktitle = {Analyse sozialer {Netzwerke} und {Social} {Software} -- {Grundlagen} und {Anwendungsbeispiele}},
	year = {2007},
	_publisher = {Gito},
	_editor = {Claudia Müller and Norbert Gronau}, 
	url = {http://sowiport.gesis.org/search/id/gesis-solis-00401999},
}

@inproceedings{said:exploiting-hierarchical-tags,
	title = {Exploiting Hierarchical Tags for Context-awareness}, 
	author = {Alan Said and Jérôme Kunegis and Ernesto William De Luca and Sahin Albayrak}, 
	booktitle = {Proc. Workshop on Exploiting Semantic Annotations for Inf. Retrieval}, 
	year = {2010}, 
	pages = {35--36}, 
	url = {http://dl.acm.org/citation.cfm?doid=1871962.1871984},
}

@inproceedings{lommatzsch:multi-agent,
	title = {A Multi-agent Framework for Personalized Information Filtering},
	author = {Andreas Lommatzsch and Martin Mehlitz and Jérôme Kunegis},
	booktitle = {Proc. German e-{Science}},
	year = {2007},
	url = {http://pubman.mpdl.mpg.de/pubman/item/escidoc:1786624/component/escidoc:1786623/GES_paper65.pdf},
}

@inproceedings{mehlitz:ir-measure,
	title = {Using Novel {IR} Measures to Learn Optimal Cluster Structures for Web Information Retrieval},
	author = {Martin Mehlitz and Jérôme Kunegis and {\,{S}}ahin Albayrak},
	booktitle = {Proc. Int. Conf. Web Intelligence},
	year = {2007},
	url = {http://ieeexplore.ieee.org/document/4427109/},
}

@inproceedings{mehlitz:evaluation-measure,
	title = {A New Evaluation Measure for Information Retrieval Systems},
	author = {Martin Mehlitz and Christian Bauckhage and Jérôme Kunegis and {\,{S}}ahin Albayrak},
	booktitle = {Proc. Int. Conf. on Syst., Man and Cybernetics},
	year = {2007},
	url = {http://ieeexplore.ieee.org/document/4413662/},
}

@inproceedings{milosevic:update-policy,
	title = {Resource-Aware Update Policy for Highly Dynamic {P2P} Networks}, 
	author = {Dragan Milošević and Jérôme Kunegis and {\,{S}}ahin Albayrak},
	booktitle = {Proc. WI Workshops},
	year = {2007}, 
	url = {http://ieeexplore.ieee.org/document/4427620/},
}

@inproceedings{schmidt:bandwidth-optimization,
	title = {Scalable Bandwidth Optimization in Advance Reservation Networks},   
	author = {Stephan Schmidt and Jérôme Kunegis},
	booktitle = {Proc. Int. Conf. on Networks},
	year = {2007}, 
	pages = {95--100}, 
	url = {http://ieeexplore.ieee.org/document/4444068/},
}

@inproceedings{spiegel:hydra,
	title = {Hydra: A Hybrid Recommender System [Cross-Linked Rating and Content Information]}, 
	author = {Stephan Spiegel and Jérôme Kunegis and Fang Li},
	booktitle = {Proc. Workshop on Complex Netw. in Inf. and Knowl. Manag.}, 
	year = {2009}, 
	pages = {75--80},
	url = {http://dl.acm.org/citation.cfm?id=1651289},
}

@inproceedings{deluca:multilingual,
	title = {Multilingual Ontology-based User Profile Enrichment},
	author = {De Luca, Ernesto W. and Till Plumbaum and Jérôme Kunegis and {\,{S}}ahin Albayrak},  
	booktitle = {Proc. Workshop on the Multilingual Semantic Web},
	year = {2010},
	pages = {41--42},
	url = {http://ceur-ws.org/Vol-571/paper8.pdf},
}

@inproceedings{spiegel:time-tensor,
	title = {Link Prediction on Evolving Data using Tensor Factorization},  
	author = {Stephan Spiegel and Jan Clausen and {\,{S}}ahin Albayrak and Jérôme Kunegis},
	booktitle = {Proc. Workshop on Behavior Informatics}, 
	year = {2011},
	url = {http://ieeexplore.ieee.org/document/5360493/},
}

@article{fay:appcluster,
	title = {Discriminating Graphs through Spectral Projections},
	author = {Damien Fay and Hamed Haddadi and Steve Uhlig and Liam
                  Kilmartin and Andrew W. Moore and Jérôme Kunegis and
                  Marios Iliofotou}, 
	journal = {Comput. Netw.},
	year = {2011}, 
	volume = {55},
	number = {15},
	pages = {3458--3468},
	url = {http://www.sciencedirect.com/science/article/pii/S1389128611002374}, 
}

@inproceedings{gottron:rule,
	title = {One Community Does Not Rule Them All},
	author = {Thomas Gottron and Jérôme Kunegis and Ansgar Scherp
                  and Steffen Staab},  
	booktitle = {Proc. Web Sci. Conf.},
	year = {2011},
	url = {http://ansgarscherp.net/publications/pdf/P09-GottronEtAl-OneCommunityDoesNotRuleThemAll.pdf},
}

@techreport{fay:centrality,
	title = {On Joint Diagonalisation for Dynamic Network Analysis},
	author = {Damien Fay and Jérôme Kunegis and Eiko Yoneki},
	institution = {University of Cambridge},
	year = {2011},
	url = {http://arxiv.org/abs/1110.1198},
	url_cam = {http://www.cl.cam.ac.uk/techreports/UCAM-CL-TR-806.html},
}

@inproceedings{preusse:unlink-prediction,
	title = {Structural Dynamics of Knowledge Networks},
	author = {Julia Preusse and Jérôme Kunegis and Matthias Thimm
                  and Thomas Gottron and Steffen Staab}, 
	booktitle = {Proc. Int. Conf. on Weblogs and Soc. Media},
	year = {2013},
	pages = {506--515},
	url = {https://www.aaai.org/ocs/index.php/ICWSM/ICWSM13/paper/view/6076},
}

@inproceedings{fay:joint-diagonalization,
	title = {Centrality and Mode Detection in Dynamic Contact Graphs; a Joint Diagonalisation Approach},  
	author = {Damien Fay and Jérôme Kunegis and Eiko Yoneki},
	year = {2013},
	booktitle = {Proc. Int. Conf. on Advances in Soc. Netw. Anal. and Min.},
	pages = {41--48},
	url = {http://ieeexplore.ieee.org/document/6785685/},
}

@inproceedings{kling:mgtm,
	title = {Detecting Non-{Gaussian} Geographical Topics in Tagged Photo Collections},
	author = {Christoph Carl Kling and Jérôme Kunegis and Sergej
                  Sizov and Steffen Staab},
	booktitle = {Proc. Int. Conf. on Web Search and Data Min.},
	year = {2014},
	pages = {603--612},
	url = {http://dl.acm.org/citation.cfm?id=2556218},
}

@online{perl:decline,
	title = {{DecLiNe} -- Models for Decay of Links in Networks},
	author = {Julia Preusse and Jérôme Kunegis and Matthias Thimm and Sergej Sizov}, 
	year = {2014},
	url = {http://arxiv.org/abs/1403.4415},
}

@article{komepol:dud,
	title = {{Glaubwürdigkeit} und {Vertrauen} von {Online}-{News}},
	author = {Ines C. Vogel and Jutta Milde and Karin Stengel and
                  Steffen Staab and Kling, Christoph Carl and Jérôme
                  Kunegis}, 
	journal = {Datenschutz und Datensicherheit},
	year = {2015},
	volume = {40},
	number = {5},
	pages = {312--316},
	url = {http://link.springer.com/article/10.1007/s11623-015-0419-3},
}

@inproceedings{kling:lqfb,
	title = {Voting Behaviour and Power in Online Democracy: A
                  Study of {LiquidFeedback} in {Germany}'s {Pirate} {Party}}, 
	author = {Christoph Carl Kling and Jérôme Kunegis and Heinrich
                  Hartmann and Markus Strohmaier and Steffen Staab},
	booktitle = {Proc. Int. Conf. on Weblogs and Soc. Media},
	year = {2015},
	pages = {208--217}, 
	url = {http://www.aaai.org/ocs/index.php/ICWSM/ICWSM15/paper/view/10566},
}

@inproceedings{samoilenko:wikilang,
	title = {Linguistic Influence Patterns within the Global Network of
                  {Wikipedia} Language Editions}, 
	author = {Anna Samoilenko and Fariba Karimi and Jérôme Kunegis and
                  Daniel Edler and Markus Strohmaier}, 
	booktitle = {Proc. Web Sci. Conf.},
	year = {2015},
	url = {http://dl.acm.org/citation.cfm?id=2786497},
}

@inproceedings{perl:twitter-unlink,
	title = {{Twitter} as a Political Network -- Predicting the Following and
	   Unfollowing Behavior of {German} Politicians},
	author = {Julia Perl and Claudia Wagner and Jérôme Kunegis and Steffen Staab},
	booktitle = {Proc. Web Sci. Conf.}, 
	year = {2015},
	notes = {poster}, 
	url = {http://dl.acm.org/citation.cfm?id=2786506},
}

@inproceedings{homscheid:lkml,
	title = {Private-Collective Invention and Open Source Software:
                  Longitudinal Insights from {Linux} Kernel
                  Development},  
	author = {Dirk Homscheid and Jérôme Kunegis and Mario
                  Schaarschmidt},
	booktitle = {Proc. IFIP Conf. on e-Business, e-Services and
                  e-Society},
	year = {2015},
	pages = {299--313},
	url = {https://link.springer.com/chapter/10.1007/978-3-319-25013-7_24},
}

@article{samoilenko:language-hierarchy,
	title = {Linguistic Neighbourhoods: Explaining Cultural Borders on
                  {Wikipedia} through Multilingual Co-editing Activity}, 
	author = {Anna Samoilenko and Fariba Karimi and Daniel Edler and
                  Jérôme Kunegis and Markus Strohmaier},
	journal = {Eur. Phys. J. Data Sci.},
	year = {2016},
	volume = {5},
	number = {9},
	doi = {10.1140/epjds/s13688-016-0070-8},
	url = {http://epjdatascience.springeropen.com/articles/10.1140/epjds/s13688-016-0070-8},
}

@inproceedings{schelter:trackers,
	title = {Tracking the Trackers: A Large-Scale Analysis of
                  Embedded Web Trackers}, 
	author = {Sebastian Schelter and Jérôme Kunegis},
	booktitle = {Proc. Int. Conf. on Web and Soc. Media},
	year = {2016},
	url = {https://www.aaai.org/ocs/index.php/ICWSM/ICWSM16/paper/view/13024},
}

@misc{schelter:trackers-journal,
	title = {On the Ubiquity of Web Tracking: Insights from a Billion-Page Web Crawl},
	author = {Sebastian Schelter and Jérôme Kunegis},
	year = {2016},
	note = {In review},
	url = {https://arxiv.org/abs/1607.07403},
}

@article{toedtli:ctqw,
	title = {Continuous-Time Quantum Walks on Directed Bipartite Graphs}, 
	author = {Beat Tödtli and Monika Laner and Jouri Semenov and
                  Beatrice Paoli and Marcel Blattner and Jérôme
                  Kunegis},
	journal = {Phys. Rev. A},
	year = {2016},
	volume = {94},
	issue = {5},
	pages = {052338},
	url = {http://journals.aps.org/pra/abstract/10.1103/PhysRevA.94.052338},
	url_arxiv = {http://arxiv.org/abs/1606.00992},
	doi = {https://doi.org/10.1103/PhysRevA.94.052338},
}	

@inproceedings{sun:wiki-talk,
	title = {Predicting User Roles in Social Networks using Transfer Learning with Feature Transformation},
	author = {Jun Sun and Jérôme Kunegis and Steffen Staab},
	booktitle = {Proc. ICDM Int. Workshop on Data Min. in Netw.},
	year = {2016},
	url = {http://ieeexplore.ieee.org/document/7836657/}, 
	url_arxiv = {https://arxiv.org/abs/1611.02941},
}

@inproceedings{schelter:nzh-ea,
	title = {`{Dark} {Germany}': Temporal Characteristics and Connectivity Patterns in Online Far-Right Protests
                  Against Refugee Housing}, 
	author = {Sebastian Schelter and Jérôme Kunegis},
	booktitle = {Proc. Web Sci. Conf. Extended Abstracts},
	year = {2017},
}
