%
% References from Technische Universität Berlin where Jérôme Kunegis is
% not an author.    
% 

@article{albayrak:pia,
	author = {{\,{S}}ahin Albayrak and Stefan Wollny and Andreas Lommatzsch and Dragan
	Milošević},
	title = {Agent Technology for Personalized Information Filtering: The {PIA} System},
	journal = {Scalable Comput.: Practice and Experience},
	year = {2007},
	volume = {8},
	pages = {29--40},
	number = {1}, 
}

@inproceedings{said:hybrid-plsa,
	title = {A Hybrid {PLSA} Approach for Warmer Cold Start in
                  Folksonomy Recommendation},  
	author = {Alan Said and Robert Wetzker and Winfried Umbrath and
                  Leonhard Hennig}, 
	booktitle = {Proc. Workshop on Recommender Systems and the
                  Soc. Web}, 
	year = {2009},
	pages={87--90}, 
}

@techreport{strecker:xslt,
	author = {Thomas Strecker and Danuta Ploch and Martin Kurze and {\,{S}}ahin Albayrak},
	title = {{XSLT}-based Web-content Extraction},
	institution = {DAI-Labor, Technische Universität Berlin},
	year = {2007}
}

@inproceedings{bauckhage:spree,
	author = {Christian Bauckhage and Tansu Alpcan and Sachin Agarwal and Florian
		Metze and Robert Wetzker and Milena Ilić and {\,{S}}ahin Albayrak},
	title = {An Intelligent Knowledge Sharing System for Web Communities},
	booktitle = {Proc. Int. Conf. on Systems, Man and Cybern.},
	year = {2007},
	pages = {3069--3074}
}

@inproceedings{wetzker:delicious-cookbook,
	author = {Robert Wetzker and Carsten Zimmermann and Christian Bauckhage},
	title = {Analyzing Social Bookmarking Systems: A {del.icio.us} Cookbook},
	booktitle = {Proc. Mining Soc. Data Workshop},
	year = {2008},
	pages = {26--30},
	_aka = {wetzker2008a}, 
}

@inproceedings{wetzker:hybrid-folksonomies,
	author = {Robert Wetzker and Winfried Umbrath and Alan Said},
	title = {A Hybrid Approach to Item Recommendation in
                  Folksonomies}, 
	booktitle = {Proc. Workshop on Exploiting Semantic Annotations in
                  Information Retrieval}, 
	year = {2009},
	pages = {25--29},
}

@inproceedings{wetzker:i-tag-you-tag,
	title = {I Tag, You Tag: Translating Tags for Advanced User Models},
	author = {Robert Wetzker and Carsten Zimmermann and Christian
                  Bauckhage and {\,{S}}ahin Albayrak}, 
	booktitle = {Proc. Int. Conf. on Web Search and Data Mining},
	pages = {71--80},
	year = {2010},
}

@inproceedings{said:social-similarity,
	title = {How Social Relationships Affect User Similarities},
	author = {Alan Said and De Luca, Ernesto W. and {\,{S}}ahin Albayrak},
	booktitle = {Proc. IUI Workshop on Soc. Recommender Systems},
	year = {2010},
}
